 @article{monteiro_liang_xu_brucker_nanjappan_yue_2018,
  title   = {Evaluating enjoyment, presence, and emulator sickness in VR games based on first- and third- person viewing perspectives},
  volume  = {29},
  doi     = {10.1002/cav.1830},
  number  = {3-4},
  journal = {Computer Animation and Virtual Worlds},
  author  = {Monteiro, Diego and Liang, Hai-Ning and Xu, Wenge and Brucker, Marvin and Nanjappan, Vijayakumar and Yue, Yong},
  year    = {2018}
} 

 @book{youtube_2020,
  title     = {Oculus Quest Unity Development Crash Course},
  url       = {https://www.youtube.com/watch?v=dzXp2rQ0UyE},
  journal   = {YouTube},
  publisher = {YouTube},
  year      = {2020},
  month     = {Mar}
} 